%% This BibTeX bibliography file was created using BibDesk.
%% http://bibdesk.sourceforge.net/


%% Created for Danilo Avila at 2011-05-16 18:08:12 -0300 


%% Saved with string encoding Unicode (UTF-8) 



@article{hong,
	Author = {Lin Hong; Anil Jain },
	Date-Added = {2011-05-16 18:01:23 -0300},
	Date-Modified = {2011-05-16 18:07:24 -0300},
	Journal = {IEEE Transactions on Pattern and Machine Intelligence},
	Month = {dezembro},
	Number = {12},
	Pages = {1295-1307},
	Title = {Integrating Faces and Fingerprints for Personal Identification},
	Volume = {20},
	Year = {1998}}

@conference{milene,
	Author = {Milene Arantes, Alessandro Noriaki Ide, Jos{\'e} Hiroki Saito},
	Booktitle = {Proceedings of the 9th International Conference on Neural Information Processing(ICONIP'O2)},
	Date-Added = {2011-05-07 23:22:24 -0300},
	Date-Modified = {2011-05-07 23:27:40 -0300},
	Pages = {2474 - 2478},
	Title = {A System for fingerprint minutiae classification and recognition},
	Volume = {5}}

@article{daugman,
	Author = {John Daugman},
	Date-Added = {2011-05-07 16:12:02 -0300},
	Date-Modified = {2011-05-07 16:30:17 -0300},
	Journal = {IEEE TRANSACTIONS ON PATTERN ANALYSIS AND MACHINE INTELLIGENCE},
	Number = {7},
	Title = {Face and Gesture Recognition: Overview},
	Volume = {19},
	Year = {1997}}

@periodical{bolle,
	Author = {Sharath Pankanti, Ruud M. Bolle, Anil Jain},
	Date-Added = {2011-05-07 15:13:12 -0300},
	Date-Modified = {2011-05-07 15:19:44 -0300},
	Journal = {Computer -- Innovate Technology for Computer Professionals; IEEE},
	Pages = {46-49},
	Title = {Biometrics: The Future of Identification},
	Year = {2000}}

@mastersthesis{saocarlos,
	Address = {http://www.bdtd.ufscar.br/htdocs/tedeSimplificado//tde_busca/arquivo.php?codArquivo=164},
	Author = {{\^A}ngelo Rodrigo Bianchini},
	Date-Added = {2011-05-07 14:56:39 -0300},
	Date-Modified = {2011-05-07 14:59:50 -0300},
	School = {S{\~a}o Carlos},
	Title = {Arquitetura de Redes Neurais para o Reconhecimento Facial Baseado no Neocognitron},
	Year = {2001}}

@manual{kinecturl,
	Address = {http://en.wikipedia.org/wiki/Kinect},
	Author = {Wikipedia},
	Date-Added = {2011-04-30 12:04:16 -0300},
	Date-Modified = {2011-05-02 14:59:54 -0300},
	Title = {Kinect}}

@article{weiser1,
	Address = {http://nano.xerox.com/hypertext/weiser/SciAmDraft3. html},
	Author = {Mark Weiser},
	Date-Added = {2011-04-30 10:51:41 -0300},
	Date-Modified = {2011-04-30 10:53:11 -0300},
	Journal = {Scientific American},
	Title = {The computer for the 21st century.},
	Year = {1991}}

@article{gregoryabowd,
	Author = {Gregory Abowd; Chris Atkeson; Irfan Essa.},
	Date-Added = {2011-04-30 10:48:33 -0300},
	Date-Modified = {2011-04-30 10:51:18 -0300},
	Journal = {A white paper submitted to DARPA (in response to RFI)},
	Title = {Ubiquitous smart spaces},
	Year = {1998}}

@article{weiser2,
	Address = {http://www.ubiq.com/hypertext/weiser/ACMInteractions2.html},
	Author = {Mark Weiser},
	Date-Added = {2011-04-30 10:32:17 -0300},
	Date-Modified = {2011-04-30 11:00:27 -0300},
	Journal = {ACM Interactions},
	Title = {The world is not a desktop.},
	Year = {1993}}

@mastersthesis{ozaki,
	Address = {http://monografias.cic.unb.br/dspace/bitstream/123456789/231/1/monografia-nova.pdf},
	Author = {Ana Helena Ozaki Rivera Castillo},
	Date-Added = {2011-04-30 10:11:25 -0300},
	Date-Modified = {2011-04-30 10:12:40 -0300},
	Keywords = {vis{\~a}o computacional, gesto, reconhecimento},
	School = {Universidade de Bras{\'\i}lia},
	Title = {Reconhecimento de gestos usando Vis{\~a}o Computacional},
	Year = {2009}}

@mastersthesis{fabriciobuzzeto,
	Author = {Fabricio Nogueira Buzeto},
	Date-Added = {2011-04-30 09:59:23 -0300},
	Date-Modified = {2011-04-30 10:05:20 -0300},
	Keywords = {Computa{\c c}{\~a}o Ub{\'\i}qua, Computa{\c c}{\~a}o M{\'o}vel, Middleware, SOA},
	School = {Universidade de Bras{\'\i}lia},
	Title = {Um conjunto de solu{\c c}{\~o}es para a constru{\c c}{\~a}o de aplicativos de computa{\c c}{\~a}o ub{\'\i}qua},
	Year = {2010}}

@mastersthesis{alegomes,
	Address = {http://monografias.cic.unb.br/dspace/handle/123456789/110},
	Author = {Alexandre Rodrigues Gomes},
	Date-Added = {2011-04-30 09:52:51 -0300},
	Date-Modified = {2011-04-30 10:03:39 -0300},
	Keywords = {computa{\c c}{\~a}o ub{\'\i}qua, computa{\c c}{\~a}o m{\'o}vel,arquitetura de software, adaptabilidade de servi{\c c}os},
	School = {Universidade de Bras{\'\i}lia; Departamento de Ci{\^e}ncia da Computa{\c c}{\~a}o},
	Title = {UbiquitOS -- Uma proposta de arquitetura de middleware para a adaptabilidade de servi{\c c}os em sistemas de computa{\c c}{\~a}o ub{\'\i}qua},
	Year = {2007}}
